<?xml version="1.0" encoding="UTF-8"?><collection xmlns="http://www.loc.gov/MARC21/slim"><record><leader>00393nam--2200121-i-4500</leader><controlfield tag="001">000027632</controlfield><controlfield tag="002">20161230</controlfield><controlfield tag="005">20161230201036</controlfield><controlfield tag="008">060222s1000------------r-----000-0-eng-d</controlfield><datafield ind1=" " ind2=" " tag="100"><subfield code="a">Kreijger, P.J</subfield></datafield><datafield ind1=" " ind2=" " tag="245"><subfield code="a">The removal of neutron poisons, in particular 135xe and 135i, from an aqueous homogeneous suspension reactor. (disertatie)</subfield></datafield><datafield ind1=" " ind2=" " tag="260"><subfield code="a">Utrech, Schotanus &amp; Jens, 1962, 132p</subfield></datafield><datafield ind1=" " ind2=" " tag="852"><subfield code="a">18338</subfield></datafield></record></collection>